@inproceedings{jasak2007openfoam,
  title={OpenFOAM: A C++ library for complex physics simulations},
  author={Jasak, Hrvoje and Jemcov, Aleksandar and Tukovic, Zeljko},
  booktitle={International workshop on coupled methods in numerical dynamics},
  volume={1000},
  pages={1--20},
  year={2007}
}

@misc{ctfm_1,
  author={OpenFOAM\_Foundation},
  title={Stress analysis of a plate with a hole},
  note={http://www.openfoam.org/docs/user/plateHole.php},
  year={2014}
}
