@article{ghia1982high,
  title={High-Re solutions for incompressible flow using the Navier-Stokes equations and a multigrid method},
  author={Ghia, UKNG and Ghia, Kirti N and Shin, CT},
  journal={Journal of computational physics},
  volume={48},
  number={3},
  pages={387--411},
  year={1982},
  publisher={Elsevier}
}

@article{bruneau20062d,
  title={The 2D lid-driven cavity problem revisited},
  author={Bruneau, Charles-Henri and Saad, Mazen},
  journal={Computers \& Fluids},
  volume={35},
  number={3},
  pages={326--348},
  year={2006},
  publisher={Elsevier}
}

@inproceedings{jasak2007openfoam,
  title={OpenFOAM: A C++ library for complex physics simulations},
  author={Jasak, Hrvoje and Jemcov, Aleksandar and Tukovic, Zeljko},
  booktitle={International workshop on coupled methods in numerical dynamics},
  volume={1000},
  pages={1--20},
  year={2007}
}

@misc{ctfm_1,
author={Matveichev, Alexey},
title={Hopscotch: Building OpenFOAM on OS X},
note={http://matveichev.blogspot.com/2014/04/building-openfoam-on-os-x.html},
year={2014}
}
