@book{analytic_citation,
  title={Computational Fluid Mechanics and Heat Transfer},
  author={J. C. Tannehill and D. A. Anderson and R. C. Pletcher},
  year={1997},
  edition={2nd},
  publisher={Taylor \& Francis}
}
