@article{mehta1969flow,
  title={Flow in a two-dimensional channel with a rectangular cavity},
  author={Mehta, Unmeel Bhagbatlal and Lavan, Zalman},
  journal={Journal of Applied Mechanics},
  volume={36},
  number={4},
  pages={897--901},
  year={1969},
  publisher={American Society of Mechanical Engineers}
}
