@incollection{chang1974simulation,
  title={Simulation of chemical kinetics transport in the stratosphere},
  author={Chang, JS and Hindmarsh, AC and Madsen, NK},
  booktitle={Stiff differential systems},
  pages={51--65},
  year={1974},
  publisher={Springer}
}

@article{byrne1987stiff,
  title={Stiff ODE solvers: A review of current and coming attractions},
  author={Byrne, George D and Hindmarsh, Alan C},
  journal={Journal of Computational Physics},
  volume={70},
  number={1},
  pages={1--62},
  year={1987},
  publisher={Elsevier}
}
